
@misc{opensynergy_coqos,
	title = {{COQOS} - {Modular} {Software} {Framework} for {Infotainment} and {Connectivity} {Systems}: {OpenSynergy}},
	url = {http://www.opensynergy.com/en/products/coqos/},
	urldate = {2017-11-11}
}

@book{Kopetz:2011:RSD:1995310,
 author = {Kopetz, Hermann},
 title = {Real-Time Systems: Design Principles for Distributed Embedded Applications},
 year = {2011},
 isbn = {1441982361, 9781441982360},
 edition = {2nd},
 publisher = {Springer Publishing Company, Incorporated},
} 

@book{Tanenbaum:2014:MOS:2655363,
 author = {Tanenbaum, Andrew S. and Bos, Herbert},
 title = {Modern Operating Systems},
 year = {2014},
 isbn = {013359162X, 9780133591620},
 edition = {4th},
 publisher = {Prentice Hall Press},
 address = {Upper Saddle River, NJ, USA},
}

@inproceedings{bellard2005qemu,
  title={QEMU, a fast and portable dynamic translator.},
  author={Bellard, Fabrice},
  booktitle={USENIX Annual Technical Conference, FREENIX Track},
  pages={41--46},
  year={2005}
}

@misc{intel-ark-xeon,
	title = {Intel® {Xeon}® {Processor} {E}5-2603 v4 (15M {Cache}, 1.70 {GHz}) {Product} {Specifications}},
	url = {https://ark.intel.com/products/92993/Intel-Xeon-Processor-E5-2603-v4-15M-Cache-1_70-GHz},
	urldate = {2017-11-10}
}

@misc{asus-x99e,
	title = {X99-{E} {WS} {\textbar} {Motherboards}},
	url = {https://www.asus.com/Motherboards/X99E_WS/},	
	urldate = {2017-11-10}
}


@misc{cyclictest,
	title = {realtime:documentation:howto:tools:cyclictest [{Linux} {Foundation} {Wiki}]},
	url = {https://wiki.linuxfoundation.org/realtime/documentation/howto/tools/cyclictest},
	urldate = {2017-11-10}
}

@misc{xr17v354,
	title = {{XR}17V354 - {Exar}},
	url = {https://www.exar.com/product/interface/uarts/pcie-uarts/xr17v354},
	urldate = {2017-11-10}
}


@misc{versalogic,
	title = {{VersaLogic} - {Serial} + {GPIO} ({VL}-{MPEe}-{U}2) - {Mini} {PCIe} {Module}},
	url = {https://www.versalogic.com/products/DS.asp?ProductID=236},
	urldate = {2017-11-10}
}


@misc{terasic-de0nano,
	title = {Terasic - {DE} {Main} {Boards} - {Cyclone} - {DE}0-{Nano} {Development} and {Education} {Board}},
	url = {http://www.terasic.com.tw/cgi-bin/page/archive.pl?Language=English&No=593},
	urldate = {2017-11-10}
}

@inproceedings{baumann2009multikernel,
  title={The multikernel: a new OS architecture for scalable multicore systems},
  author={Baumann, Andrew and Barham, Paul and Dagand, Pierre-Evariste and Harris, Tim and Isaacs, Rebecca and Peter, Simon and Roscoe, Timothy and Sch{\"u}pbach, Adrian and Singhania, Akhilesh},
  booktitle={Proceedings of the ACM SIGOPS 22nd symposium on Operating systems principles},
  pages={29--44},
  year={2009},
  organization={ACM}
}

@article{nordholz2017design,
  title={Design and provability of a statically configurable hypervisor},
  author={Nordholz, Jan},
  year={2017},
  url={http://dx.doi.org/10.14279/depositonce-5938}
}

@article{ebcioglu2001dynamic,
  title={Dynamic binary translation and optimization},
  author={Ebcioglu, Kemal and Altman, Erik and Gschwind, Michael and Sathaye, Sumedh},
  journal={IEEE Transactions on Computers},
  volume={50},
  number={6},
  pages={529--548},
  year={2001},
  publisher={IEEE}
}


@online{PREEMPT-RT,
  author = {RTwiki},
  title = {Real-Time Linux Wiki},
  url = {https://rt.wiki.kernel.org/index.php/Main_Page},
  urldate = {2017-11-09}
}

@inproceedings{yodaiken1999rtlinux,
  title={The rtlinux manifesto},
  author={Yodaiken, Victor and others},
  booktitle={Proc. of the 5th Linux Expo},
  year={1999}
}

@online{Xenomai,
  author = {Xenomai},
  title = {Xenomai – Real-time framework for Linux},
  url = {https://www.rtai.org/},
  urldate = {2017-11-09}
}

@online{RTAI,
  author = {RTAI},
  title = {RTAI-the RealTime Application Interface for Linux},
  url = {http://xenomai.org/},
  urldate = {2017-11-09}
}


@online{greenhills-multivisor,
  author = {Integrity Multivisor},
  title = {Virtualization Architecture for Secure Systems},  
  url = {https://www.ghs.com/products/rtos/integrity_virtualization.html},
  urldate = {2017-11-09}
}

@online{realtime-systems-gmbh-hypervisor,
  author = {RealTime Systems GmbH},
  title = {RTS Real-Time Embedded Hypervisor},
  url = {https://www.real-time-systems.com/real-time_hypervisor/index.php},
  urldate = {2017-11-09}
}


@online{ni-realtime-hypervisor,
  author = {NI Real-Time Hypervisor},
  title = {NI Real-Time Hypervisor Architecture and Performance Details},
  url = {http://www.ni.com/white-paper/9629/en/},
  urldate = {2017-11-09}
}

@online{intel-sdm-vol3,
  author={Intel},
  title={Intel 64 and IA-32 Architectures Software Developer’s Manual},
  volume={3},
  url={https://software.intel.com/sites/default/files/managed/a4/60/325384-sdm-vol-3abcd.pdf},
  urldate = {2017-11-09}
}

@article{kaiser2007pikeos,
  title={The pikeos concept: History and design},
  author={Kaiser, Robert and Wagner, Stephan},
  journal={SysGO AG White Paper. Available: http://www. sysgo. com},
  year={2007}
}

@article{bialowas2010achieving,
  title={Achieving business goals with Wind Rivers multicore software solution},
  author={Bialowas, Cory},
  journal={Wind River white paper},
  year={2010}
}

@article{uhlig2005intel,
  title={Intel virtualization technology},
  author={Uhlig, Rich and Neiger, Gil and Rodgers, Dion and Santoni, Amy L and Martins, Fernando CM and Anderson, Andrew V and Bennett, Steven M and Kagi, Alain and Leung, Felix H and Smith, Larry},
  journal={Computer},
  volume={38},
  number={5},
  pages={48--56},
  year={2005},
  publisher={IEEE}
}

@article{mehnert2001rtlinux,
  title={RTLinux with address spaces},
  author={Mehnert, Frank and Hohmuth, Michael and Sch{\"o}nberg, Sebastian and H{\"a}rtig, Hermann},
  journal={3rd Real-Time Linux WS, Milano, Italy},
  year={2001}
}

@inproceedings{Dunkels:2004:CLF:1032658.1034117,
 author = {Dunkels, Adam and Gronvall, Bjorn and Voigt, Thiemo},
 title = {Contiki - A Lightweight and Flexible Operating System for Tiny Networked Sensors},
 booktitle = {Proceedings of the 29th Annual IEEE International Conference on Local Computer Networks},
 series = {LCN '04},
 year = {2004},
 isbn = {0-7695-2260-2},
 pages = {455--462},
 numpages = {8},
 url = {https://doi.org/10.1109/LCN.2004.38},
 doi = {10.1109/LCN.2004.38},
 acmid = {1034117},
 publisher = {IEEE Computer Society},
 address = {Washington, DC, USA},
}

@inproceedings{Chen:2001:VBR:874075.876409,
 author = {Chen, Peter M. and Noble, Brian D.},
 title = {When Virtual Is Better Than Real},
 booktitle = {Proceedings of the Eighth Workshop on Hot Topics in Operating Systems},
 series = {HOTOS '01},
 year = {2001},
 pages = {133--},
 url = {http://dl.acm.org/citation.cfm?id=874075.876409},
 acmid = {876409},
 publisher = {IEEE Computer Society},
 address = {Washington, DC, USA},
}

@inproceedings{Heiser:2008:RVE:1435458.1435461,
 author = {Heiser, Gernot},
 title = {The Role of Virtualization in Embedded Systems},
 booktitle = {Proceedings of the 1st Workshop on Isolation and Integration in Embedded Systems},
 series = {IIES '08},
 year = {2008},
 isbn = {978-1-60558-126-2},
 location = {Glasgow, Scotland},
 pages = {11--16},
 numpages = {6},
 url = {http://doi.acm.org/10.1145/1435458.1435461},
 doi = {10.1145/1435458.1435461},
 acmid = {1435461},
 publisher = {ACM},
 address = {New York, NY, USA},
} 


@article{kiszka2009towards,
  title={Towards linux as a real-time hypervisor},
  author={Kiszka, Jan},
  journal={RTLWS11},
  year={2009}
}

@inproceedings{zuo2010performance,
  title={Performance tuning towards a KVM-based low latency virtualization system},
  author={Zuo, Baojing and Chen, Kai and Liang, Alei and Guan, Haibing and Zhang, Jun and Ma, Ruhui and Yang, Hongbo},
  booktitle={Information Engineering and Computer Science (ICIECS), 2010 2nd International Conference on},
  pages={1--4},
  year={2010},
  organization={IEEE}
}

@article{popek1974formal,
  title={Formal requirements for virtualizable third generation architectures},
  author={Popek, Gerald J and Goldberg, Robert P},
  journal={Communications of the ACM},
  volume={17},
  number={7},
  pages={412--421},
  year={1974},
  publisher={ACM}
}


@inproceedings{kivity2007kvm,
  title={kvm: the Linux virtual machine monitor},
  author={Kivity, Avi and Kamay, Yaniv and Laor, Dor and Lublin, Uri and Liguori, Anthony},
  booktitle={Proceedings of the Linux symposium},
  volume={1},
  pages={225--230},
  year={2007}
}

@article{Barham:2003:XAV:1165389.945462,
 author = {Barham, Paul and Dragovic, Boris and Fraser, Keir and Hand, Steven and Harris, Tim and Ho, Alex and Neugebauer, Rolf and Pratt, Ian and Warfield, Andrew},
 title = {Xen and the Art of Virtualization},
 journal = {SIGOPS Oper. Syst. Rev.},
 issue_date = {December 2003},
 volume = {37},
 number = {5},
 month = oct,
 year = {2003},
 issn = {0163-5980},
 pages = {164--177},
 numpages = {14},
 url = {http://doi.acm.org/10.1145/1165389.945462},
 doi = {10.1145/1165389.945462},
 acmid = {945462},
 publisher = {ACM},
 address = {New York, NY, USA},
 keywords = {hypervisors, paravirtualization, virtual machine monitors},
}

@inproceedings{masrur2010vm,
  title={VM-based real-time services for automotive control applications},
  author={Masrur, Alejandro and Drossler, Sebastian and Pfeuffer, Thomas and Chakraborty, Samarjit},
  booktitle={Embedded and Real-Time Computing Systems and Applications (RTCSA), 2010 IEEE 16th International Conference on},
  pages={218--223},
  year={2010},
  organization={IEEE}
}

@inproceedings{Xi:2011:RTR:2038642.2038651,
 author = {Xi, Sisu and Wilson, Justin and Lu, Chenyang and Gill, Christopher},
 title = {RT-Xen: Towards Real-time Hypervisor Scheduling in Xen},
 booktitle = {Proceedings of the Ninth ACM International Conference on Embedded Software},
 series = {EMSOFT '11},
 year = {2011},
 isbn = {978-1-4503-0714-7},
 location = {Taipei, Taiwan},
 pages = {39--48},
 numpages = {10},
 url = {http://doi.acm.org/10.1145/2038642.2038651},
 doi = {10.1145/2038642.2038651},
 acmid = {2038651},
 publisher = {ACM},
 address = {New York, NY, USA},
 keywords = {deferrable server, hierarchical scheduling, periodic server, polling server, real-time, sporadic server, virtualization},
} 


@inproceedings{Yoo:2011:TUI:2103799.2103816,
 author = {Yoo, Seehwan and Kwak, Kuen-Hwan and Jo, Jae-Hyun and Yoo, Chuck},
 title = {Toward Under-millisecond I/O Latency in Xen-ARM},
 booktitle = {Proceedings of the Second Asia-Pacific Workshop on Systems},
 series = {APSys '11},
 year = {2011},
 isbn = {978-1-4503-1179-3},
 location = {Shanghai, China},
 pages = {14:1--14:5},
 articleno = {14},
 numpages = {5},
 url = {http://doi.acm.org/10.1145/2103799.2103816},
 doi = {10.1145/2103799.2103816},
 acmid = {2103816},
 publisher = {ACM},
 address = {New York, NY, USA},
 keywords = {real-time system, virtual machine},
} 


@inproceedings{Gordon:2012:EBP:2150976.2151020,
 author = {Gordon, Abel and Amit, Nadav and Har'El, Nadav and Ben-Yehuda, Muli and Landau, Alex and Schuster, Assaf and Tsafrir, Dan},
 title = {ELI: Bare-metal Performance for I/O Virtualization},
 booktitle = {Proceedings of the Seventeenth International Conference on Architectural Support for Programming Languages and Operating Systems},
 series = {ASPLOS XVII},
 year = {2012},
 isbn = {978-1-4503-0759-8},
 location = {London, England, UK},
 pages = {411--422},
 numpages = {12},
 url = {http://doi.acm.org/10.1145/2150976.2151020},
 doi = {10.1145/2150976.2151020},
 acmid = {2151020},
 publisher = {ACM},
 address = {New York, NY, USA},
 keywords = {I/O performance, I/O virtualization, SR-IOV, device assignment, interrupts},
}


@article{Carrascosa:2014:XHR:2668138.2668142,
 author = {Carrascosa, E. and Coronel, J. and Masmano, M. and Balbastre, P. and Crespo, A.},
 title = {XtratuM Hypervisor Redesign for LEON4 Multicore Processor},
 journal = {SIGBED Rev.},
 issue_date = {June 2014},
 volume = {11},
 number = {2},
 month = sep,
 year = {2014},
 issn = {1551-3688},
 pages = {27--31},
 numpages = {5},
 url = {http://doi.acm.org/10.1145/2668138.2668142},
 doi = {10.1145/2668138.2668142},
 acmid = {2668142},
 publisher = {ACM},
 address = {New York, NY, USA},
 keywords = {RTOS, hypervisor, multicore, para-virtualization, partitioned systems},
} 


@article{West:2016:VSK:2966277.2935748,
 author = {West, Richard and Li, Ye and Missimer, Eric and Danish, Matthew},
 title = {A Virtualized Separation Kernel for Mixed-Criticality Systems},
 journal = {ACM Trans. Comput. Syst.},
 issue_date = {September 2016},
 volume = {34},
 number = {3},
 month = jun,
 year = {2016},
 issn = {0734-2071},
 pages = {8:1--8:41},
 articleno = {8},
 numpages = {41},
 url = {http://doi.acm.org/10.1145/2935748},
 doi = {10.1145/2935748},
 acmid = {2935748},
 publisher = {ACM},
 address = {New York, NY, USA},
 keywords = {Separation kernel, chip-level distributed system, mixed criticality},
} 


@article{schild2009faithful,
  title={Faithful virtualization on a real-time operating system},
  author={Schild, Henning and Lackorzynski, Adam and Warg, Alexander and others},
  journal={RTLWS11},
  year={2009}
}

@inproceedings{bruns2010evaluation,
  title={An evaluation of microkernel-based virtualization for embedded real-time systems},
  author={Bruns, Felix and Traboulsi, Shadi and Szczesny, David and Gonzalez, Elizabeth and Xu, Yang and Bilgic, Attila},
  booktitle={Real-Time Systems (ECRTS), 2010 22nd Euromicro Conference on},
  pages={57--65},
  year={2010},
  organization={IEEE}
}
